<record><leader>00000cas a2200000Ia 4500</leader><controlfield tag="001">11900862</controlfield><controlfield tag="008">850410d19181954ksuwr ne      0    0eng d</controlfield><datafield ind1=" " ind2=" " tag="010"><subfield code="a">sn 85030284 </subfield></datafield><datafield ind1=" " ind2=" " tag="040"><subfield code="a">KSH</subfield><subfield code="b">eng</subfield><subfield code="c">KSH</subfield><subfield code="d">NPT</subfield><subfield code="d">OCLCQ</subfield></datafield><datafield ind1="0" ind2="4" tag="245"><subfield code="a">The Meade globe-news.</subfield></datafield><datafield ind1=" " ind2=" " tag="260"><subfield code="a">Meade, Kan. :</subfield><subfield code="b">Wehrle &amp; Wehrle,</subfield><subfield code="c">1918-1954.</subfield></datafield><datafield ind1=" " ind2=" " tag="300"><subfield code="a">51 v. :</subfield><subfield code="b">ill. ;</subfield><subfield code="c">55 cm.</subfield></datafield><datafield ind1=" " ind2=" " tag="310"><subfield code="a">Weekly</subfield></datafield><datafield ind1="0" ind2=" " tag="362"><subfield code="a">Vol. 19, no. 41 (Oct. 10, 1918)-v. 69, no. 8 (Feb. 25, 1954).</subfield></datafield><datafield ind1=" " ind2=" " tag="500"><subfield code="a">Published by: Keith E. Cox, Nov. 4, 1926-Nov. 13, 1941; K. Cox &amp; W. Owens, Nov. 20, 1941-Sept. 17, 1942; Mrs. K. Cox &amp; W. Owens, Sept. 24, 1942-Feb. 25, 1954.</subfield></datafield><datafield ind1=" " ind2=" " tag="500"><subfield code="a">"Republican."</subfield></datafield><datafield ind1=" " ind2=" " tag="752"><subfield code="a">United States</subfield><subfield code="b">Kansas</subfield><subfield code="c">Meade</subfield><subfield code="d">Meade.</subfield></datafield><datafield ind1="0" ind2="4" tag="780"><subfield code="t">Meade globe (Meade, Kan. : 1903)</subfield><subfield code="w">(DLC)sn 85030279</subfield></datafield><datafield ind1="0" ind2="4" tag="780"><subfield code="t">Meade County news</subfield><subfield code="w">(DLC)sn 85030287</subfield></datafield><datafield ind1="0" ind2="7" tag="785"><subfield code="t">Meade County press</subfield><subfield code="w">(DLC)sn 85030286</subfield></datafield><datafield ind1="0" ind2="7" tag="785"><subfield code="t">Meade globe-press</subfield><subfield code="w">(DLC)sn 85030285</subfield></datafield></record>